@inproceedings{asg-dsls,
    author = {Oliveira, Bruno C. d. S. and L\"{o}h, Andres},
    title = {Abstract Syntax Graphs for Domain Specific Languages},
    booktitle = {Proceedings of the ACM SIGPLAN 2013 Workshop on Partial Evaluation and Program Manipulation},
    series = {PEPM '13},
    year = {2013},
    isbn = {978-1-4503-1842-6},
    location = {Rome, Italy},
    pages = {87--96},
    numpages = {10},
    url = {http://doi.acm.org/10.1145/2426890.2426909},
    doi = {10.1145/2426890.2426909},
    acmid = {2426909},
    publisher = {ACM},
    address = {New York, NY, USA},
    keywords = {DSLs, graphs, haskell, observable sharing},
    localfile = {reading/ASG-DSLs_Oliveira.pdf}
}

@inproceedings{agda-tutorial-norell,
    author = {Norell, Ulf},
    title = {Dependently Typed Programming in Agda},
    booktitle = {Proceedings of the 4th International Workshop on Types in Language Design and Implementation},
    series = {TLDI '09},
    year = {2009},
    isbn = {978-1-60558-420-1},
    location = {Savannah, GA, USA},
    pages = {1--2},
    numpages = {2},
    url = {http://doi.acm.org/10.1145/1481861.1481862},
    doi = {10.1145/1481861.1481862},
    acmid = {1481862},
    publisher = {ACM},
    address = {New York, NY, USA},
    keywords = {dependent types, programming},
    localfile = {reading/Agda_tutorial.pdf}
}

@unpublished{auto-in-agda,
    Author = {Pepijn Kokke and Wouter Swierstra},
    Note = {Submitted to ICFP 2014.},
    Title = {Auto in {Agda}: programming proof search},
    localfile = {reading/auto-in-agda_PepijnWouter.pdf}
}

@article{lambdapi-tutorial,
    title={A tutorial implementation of a dependently typed lambda calculus},
    author={L{\"o}h, Andres and McBride, Conor and Swierstra, Wouter},
    journal={Fundamenta informaticae},
    volume={102},
    number={2},
    pages={177--207},
    year={2010},
    publisher={IOS Press},
    localfile = {reading/LambdaPi.pdf}
}

@incollection{observable-sharing-circuits,
    title={Observable sharing for functional circuit description},
    author={Claessen, Koen and Sands, David},
    booktitle={Advances in Computing Science—ASIAN’99},
    pages={62--73},
    year={1999},
    publisher={Springer},
    localfile = {reading/observable-sharing-circuits.pdf}
}

@article{beating-productivity-checker,
    title={Beating the productivity checker using embedded languages},
    author={Danielsson, Nils Anders},
    journal={arXiv preprint arXiv:1012.4898},
    year={2010},
    localfile = {reading/Productivity-Agda_Danielsson.pdf}
}

@inproceedings{typesafe-asts,
    author = {Baars, Arthur I. and Swierstra, S. Doaitse and Viera, Marcos},
    title = {Typed Transformations of Typed Abstract Syntax},
    booktitle = {Proceedings of the 4th International Workshop on Types in Language Design and Implementation},
    series = {TLDI '09},
    year = {2009},
    isbn = {978-1-60558-420-1},
    location = {Savannah, GA, USA},
    pages = {15--26},
    numpages = {12},
    url = {http://doi.acm.org/10.1145/1481861.1481865},
    doi = {10.1145/1481861.1481865},
    acmid = {1481865},
    publisher = {ACM},
    address = {New York, NY, USA},
    keywords = {common subexpression elimination, gadt, meta-programming, type systems, typed transformations},
    localfile = {reading/typesafe-asts_Baars_Swierstra.pdf}
}

@article{power-pi,
    author = {Oury, Nicolas and Swierstra, Wouter},
    title = {The Power of Pi},
    journal = {SIGPLAN Not.},
    issue_date = {September 2008},
    volume = {43},
    number = {9},
    month = sep,
    year = {2008},
    issn = {0362-1340},
    pages = {39--50},
    numpages = {12},
    url = {http://doi.acm.org/10.1145/1411203.1411213},
    doi = {10.1145/1411203.1411213},
    acmid = {1411213},
    publisher = {ACM},
    address = {New York, NY, USA},
    keywords = {dependent types, domain-specific embedded languages},
    localfile = {reading/power-of-pi_Swierstra.pdf}
}

@article{structured-graphs,
    author = {Oliveira, Bruno C.d.S. and Cook, William R.},
    title = {Functional Programming with Structured Graphs},
    journal = {SIGPLAN Not.},
    issue_date = {September 2012},
    volume = {47},
    number = {9},
    month = sep,
    year = {2012},
    issn = {0362-1340},
    pages = {77--88},
    numpages = {12},
    url = {http://doi.acm.org/10.1145/2398856.2364541},
    doi = {10.1145/2398856.2364541},
    acmid = {2364541},
    publisher = {ACM},
    address = {New York, NY, USA},
    keywords = {graphs, haskell, parametric hoas},
    localfile = {reading/Structured-Graphs_Oliveira_Cook.pdf}
}

@article{phoas,
    author = {Chlipala, Adam},
    title = {Parametric Higher-order Abstract Syntax for Mechanized Semantics},
    journal = {SIGPLAN Not.},
    issue_date = {September 2008},
    volume = {43},
    number = {9},
    month = sep,
    year = {2008},
    issn = {0362-1340},
    pages = {143--156},
    numpages = {14},
    url = {http://doi.acm.org/10.1145/1411203.1411226},
    doi = {10.1145/1411203.1411226},
    acmid = {1411226},
    publisher = {ACM},
    address = {New York, NY, USA},
    keywords = {compiler verification, dependent types, interactive proof assistants, type-theoretic semantics},
    localfile = {reading/PHOAS_Chlipala.pdf}
}

@article{names-for-free,
    author = {Bernardy, Jean-Philippe and Pouillard, Nicolas},
    title = {Names for Free: Polymorphic Views of Names and Binders},
    journal = {SIGPLAN Not.},
    issue_date = {December 2013},
    volume = {48},
    number = {12},
    month = sep,
    year = {2013},
    issn = {0362-1340},
    pages = {13--24},
    numpages = {12},
    url = {http://doi.acm.org/10.1145/2578854.2503780},
    doi = {10.1145/2578854.2503780},
    acmid = {2503780},
    publisher = {ACM},
    address = {New York, NY, USA},
    keywords = {name binding, nested types, parametricity, polymorphism, type-classes},
    localfile = {reading/NamesForFree_Bernardy.pdf}
}

@inproceedings{gill-typesafe-observable-sharing,
    author = {Gill, Andy},
    title = {Type-safe Observable Sharing in Haskell},
    booktitle = {Proceedings of the 2Nd ACM SIGPLAN Symposium on Haskell},
    series = {Haskell '09},
    year = {2009},
    isbn = {978-1-60558-508-6},
    location = {Edinburgh, Scotland},
    pages = {117--128},
    numpages = {12},
    url = {http://doi.acm.org/10.1145/1596638.1596653},
    doi = {10.1145/1596638.1596653},
    acmid = {1596653},
    publisher = {ACM},
    address = {New York, NY, USA},
    keywords = {DSL compilation, observable sharing},
    localfile = {reading/typesafe-observable-sharing.pdf}
}

@inproceedings{fe-si-braibant,
    author = {Braibant, Thomas and Chlipala, Adam},
    title = {Formal Verification of Hardware Synthesis},
    booktitle = {Proceedings of the 25th International Conference on Computer Aided Verification},
    series = {CAV'13},
    year = {2013},
    isbn = {978-3-642-39798-1},
    location = {Saint Petersburg, Russia},
    pages = {213--228},
    numpages = {16},
    url = {http://dx.doi.org/10.1007/978-3-642-39799-8_14},
    doi = {10.1007/978-3-642-39799-8_14},
    acmid = {2526879},
    publisher = {Springer-Verlag},
    address = {Berlin, Heidelberg},
    localfile = {reading/Fe-Si_Chlipala_Braibant.pdf}
}

@inproceedings{correct-agda-pretty-printing,
    author = {Danielsson, Nils Anders},
    title = {Correct-by-construction Pretty-printing},
    booktitle = {Proceedings of the 2013 ACM SIGPLAN Workshop on Dependently-typed Programming},
    series = {DTP '13},
    year = {2013},
    isbn = {978-1-4503-2384-0},
    location = {Boston, Massachusetts, USA},
    pages = {1--12},
    numpages = {12},
    url = {http://doi.acm.org/10.1145/2502409.2502410},
    doi = {10.1145/2502409.2502410},
    acmid = {2502410},
    publisher = {ACM},
    address = {New York, NY, USA},
    keywords = {dependent types, pretty-printing},
    localfile = {reading/correct-agda-pretty-printing_Danielsson.pdf}
}

@inproceedings{coinductive-inductive-termination,
    title = {Termination checking nested inductive and coinductive types},
    author = {Altenkirch, Thorsten and Danielsson, Nils Anders},
    booktitle = {Proceedings of workshop on partiality and recursion in interactive theorem provers, PAR’10},
    year = {2010},
    organization = {Citeseer},
    localfile = {reading/coinductive-inductive-termination.pdf}
}

@article{compiler-correctness-structured-graphs,
    title = {Proving Correctness of Compilers using Structured Graphs},
    author = {Bahr, Patrick},
    localfile = {reading/Compiler-Correctness-Structured-Graphs_Bahr.pdf}
}

@article{constructive-programming,
    title = {Constructive mathematics and computer programming},
    author = {Martin-L{\"o}f, Per},
    journal = {Studies in Logic and the Foundations of Mathematics},
    volume = {104},
    pages = {153--175},
    year = {1982},
    publisher = {Elsevier},
    localfile = {reading/Constructive_programming.pdf}
}

@incollection{engineering-reflection-agda,
    title = {Engineering proof by reflection in Agda},
    author = {van der Walt, Paul and Swierstra, Wouter},
    booktitle = {Implementation and Application of Functional Languages},
    pages = {157--173},
    year = {2013},
    publisher = {Springer},
    localfile = {reading/engineering-reflection-agda_Swierstra.pdf}
}

@incollection{gp-and-dtp,
    title = {Generic programming with dependent types},
    author = {Altenkirch, Thorsten and McBride, Conor and Morris, Peter},
    booktitle = {Datatype-Generic Programming},
    pages = {209--257},
    year = {2007},
    publisher = {Springer},
    localfile = {reading/gp-and-dtp_McBride.pdf}
}

@article{typeclasses-agda,
    title = {On the bright side of type classes: instance arguments in Agda},
    author = {Devriese, Dominique and Piessens, Frank},
    journal = {ACM SIGPLAN Notices},
    volume = {46},
    number = {9},
    pages = {143--155},
    year = {2011},
    publisher = {ACM},
    localfile = {reading/typeclasses-agda_Devriese.pdf}
}

@article{enumeration-algebraic-types,
    author = {Dureg{\aa}rd, Jonas and Jansson, Patrik and Wang, Meng},
    title = {Feat: Functional Enumeration of Algebraic Types},
    journal = {SIGPLAN Not.},
    issue_date = {December 2012},
    volume = {47},
    number = {12},
    month = sep,
    year = {2012},
    issn = {0362-1340},
    pages = {61--72},
    numpages = {12},
    url = {http://doi.acm.org/10.1145/2430532.2364515},
    doi = {10.1145/2430532.2364515},
    acmid = {2364515},
    publisher = {ACM},
    address = {New York, NY, USA},
    keywords = {enumeration, memoisation, property-based testing},
    localfile = {reading/enumeration-algebraic-types_Feat.pdf}
}

@inproceedings{essence-dataflow-programming,
    author = {Uustalu, Tarmo and Vene, Varmo},
    title = {The Essence of Dataflow Programming},
    booktitle = {Proceedings of the Third Asian Conference on Programming Languages and Systems},
    series = {APLAS'05},
    year = {2005},
    isbn = {3-540-29735-9, 978-3-540-29735-2},
    location = {Tsukuba, Japan},
    pages = {2--18},
    numpages = {17},
    url = {http://dx.doi.org/10.1007/11575467_2},
    doi = {10.1007/11575467_2},
    acmid = {2099712},
    publisher = {Springer-Verlag},
    address = {Berlin, Heidelberg},
    localfile = {reading/essence-dataflow-programming.pdf}
}

@inproceedings{observational-equality,
    author = {Altenkirch, Thorsten and McBride, Conor and Swierstra, Wouter},
    title = {Observational Equality, Now!},
    booktitle = {Proceedings of the 2007 Workshop on Programming Languages Meets Program Verification},
    series = {PLPV '07},
    year = {2007},
    isbn = {978-1-59593-677-6},
    location = {Freiburg, Germany},
    pages = {57--68},
    numpages = {12},
    url = {http://doi.acm.org/10.1145/1292597.1292608},
    doi = {10.1145/1292597.1292608},
    acmid = {1292608},
    publisher = {ACM},
    address = {New York, NY, USA},
    keywords = {equality, type theory},
    localfile = {reading/observational-equality_Altenkirch-Swierstra.pdf}
}

@article{survey-fp-gammie,
    author = {Gammie, Peter},
    title = {Synchronous Digital Circuits As Functional Programs},
    journal = {ACM Comput. Surv.},
    issue_date = {November 2013},
    volume = {46},
    number = {2},
    month = nov,
    year = {2013},
    issn = {0360-0300},
    pages = {21:1--21:27},
    articleno = {21},
    numpages = {27},
    url = {http://doi.acm.org/10.1145/2543581.2543588},
    doi = {10.1145/2543581.2543588},
    acmid = {2543588},
    publisher = {ACM},
    address = {New York, NY, USA},
    localfile = {reading/survey-fp-circuits_Gammie.pdf}
} 

@article{view-from-the-left,
    author = {McBride, Conor and McKinna, James},
    title = {The View from the Left},
    journal = {J. Funct. Program.},
    issue_date = {January 2004},
    volume = {14},
    number = {1},
    month = jan,
    year = {2004},
    issn = {0956-7968},
    pages = {69--111},
    numpages = {43},
    url = {http://dx.doi.org/10.1017/S0956796803004829},
    doi = {10.1017/S0956796803004829},
    acmid = {967496},
    publisher = {Cambridge University Press},
    address = {New York, NY, USA},
    localfile = {reading/view-from-the-left_McBride-McKinna.pdf}
}

@article{intel-fdiv,
    author={Price, D.},
    journal={Micro, IEEE},
    title={Pentium FDIV flaw-lessons learned},
    year={1995},
    month={Apr},
    volume={15},
    number={2},
    pages={86-88},
    doi={10.1109/40.372360},
    ISSN={0272-1732},
}

@article{sheeran-survey,
    title={Hardware Design and Functional Programming: a Perfect Match.},
    author={Sheeran, Mary},
    journal={J. UCS},
    volume={11},
    number={7},
    pages={1135--1158},
    year={2005},
    localfile = {reading/hardware-fp-match_MarySheeran.pdf}
}

@article{ieee1076-3-synth-vhdl,
    journal={IEEE Std 1076.3-1997},
    title={IEEE Standard VHDL Synthesis Packages},
    year={1997},
    month={},
    pages={i-},
    doi={10.1109/IEEESTD.1997.82399},
}

@article{lava-1999,
    author = {Bjesse, Per and Claessen, Koen and Sheeran, Mary and Singh, Satnam},
    title = {{L}ava: hardware design in {H}askell},
    journal = {SIGPLAN Not.},
    issue_date = {Jan. 1999},
    volume = {34},
    number = {1},
    month = sep,
    year = {1998},
    issn = {0362-1340},
    pages = {174--184},
    numpages = {11},
    url = {http://doi.acm.org/10.1145/291251.289440},
    doi = {10.1145/291251.289440},
    acmid = {289440},
    publisher = {ACM},
    address = {New York, NY, USA},
    localfile = {reading/lava-1999.pdf}
}

@inproceedings{forsyde1999,
    title={Formal System Design Based on the Synchrony Hypothesis, Functional Models, and Skeletons},
    author={Sander, Ingo and Jantsch, Axel},
    booktitle={VLSI Design, 1999. Proceedings. Twelfth International Conference On},
    pages={318--323},
    year={1999},
    organization={IEEE}
}

@inproceedings{mufp-1984,
    author = {Sheeran, Mary},
    title = {muFP, a Language for VLSI Design},
    booktitle = {Proceedings of the 1984 ACM Symposium on LISP and Functional Programming},
    series = {LFP '84},
    year = {1984},
    isbn = {0-89791-142-3},
    location = {Austin, Texas, USA},
    pages = {104--112},
    numpages = {9},
    url = {http://doi.acm.org/10.1145/800055.802026},
    doi = {10.1145/800055.802026},
    acmid = {802026},
    publisher = {ACM},
    address = {New York, NY, USA},
    localfile = {reading/mufp-1984_MarySheeran.pdf}
}

@inproceedings{backus-fp,
    author = {Backus, John},
    title = {Function Level Programs As Mathematical Objects},
    booktitle = {Proceedings of the 1981 Conference on Functional Programming Languages and Computer Architecture},
    series = {FPCA '81},
    year = {1981},
    isbn = {0-89791-060-5},
    location = {Portsmouth, New Hampshire, USA},
    pages = {1--10},
    numpages = {10},
    url = {http://doi.acm.org/10.1145/800223.806757},
    doi = {10.1145/800223.806757},
    acmid = {806757},
    publisher = {ACM},
    address = {New York, NY, USA},
    localfile = {reading/backus-fp.pdf}
}

@article{backus-turing-lecture,
    author = {Backus, John},
    title = {Can Programming Be Liberated from the Von Neumann Style?: A Functional Style and Its Algebra of Programs},
    journal = {Commun. ACM},
    issue_date = {Aug. 1978},
    volume = {21},
    number = {8},
    month = aug,
    year = {1978},
    issn = {0001-0782},
    pages = {613--641},
    numpages = {29},
    url = {http://doi.acm.org/10.1145/359576.359579},
    doi = {10.1145/359576.359579},
    acmid = {359579},
    publisher = {ACM},
    address = {New York, NY, USA},
    localfile = {reading/backus-turing-lecture.pdf}
}

@article{understanding-types-cardelli,
    author = {Cardelli, Luca and Wegner, Peter},
    title = {On Understanding Types, Data Abstraction, and Polymorphism},
    journal = {ACM Comput. Surv.},
    issue_date = {Dec. 1985},
    volume = {17},
    number = {4},
    month = dec,
    year = {1985},
    issn = {0360-0300},
    pages = {471--523},
    numpages = {53},
    url = {http://doi.acm.org/10.1145/6041.6042},
    doi = {10.1145/6041.6042},
    acmid = {6042},
    publisher = {ACM},
    address = {New York, NY, USA},
    localfile = {reading/understanding-types_Cardelli.pdf}
}

@article{propositions-as-types,
    title={Propositions as types},
    author={Wadler, Philip},
    journal={Unpublished note},
    year={2014},
    url = {http://homepages.inf.ed.ac.uk/wadler/papers/propositions-as-types/propositions-as-types.pdf},
    localfile = {reading/propositions-as-types_Wadler.pdf}
}

@incollection{clash-baaij,
    year={2014},
    isbn={978-3-642-45339-7},
    booktitle={Trends in Functional Programming},
    volume={8322},
    series={Lecture Notes in Computer Science},
    editor={McCarthy, Jay},
    doi={10.1007/978-3-642-45340-3_2},
    title={Using Rewriting to Synthesize Functional Languages to Digital Circuits},
    url={http://dx.doi.org/10.1007/978-3-642-45340-3_2},
    publisher={Springer Berlin Heidelberg},
    author={Baaij, Christiaan and Kuper, Jan},
    pages={17-33},
    language={English},
    localfile = {reading/clash_Baaij.pdf}
}

@article{hudak-edsls,
    author = {Hudak, Paul},
    title = {Building Domain-specific Embedded Languages},
    journal = {ACM Comput. Surv.},
    issue_date = {Dec. 1996},
    volume = {28},
    number = {4es},
    month = dec,
    year = {1996},
    issn = {0360-0300},
    articleno = {196},
    url = {http://doi.acm.org/10.1145/242224.242477},
    doi = {10.1145/242224.242477},
    acmid = {242477},
    publisher = {ACM},
    address = {New York, NY, USA},
} 

@article{hawk-haskell,
    author = {Launchbury, John and Lewis, Jeffrey R. and Cook, Byron},
    title = {On Embedding a Microarchitectural Design Language Within Haskell},
    journal = {SIGPLAN Not.},
    issue_date = {Sept. 1999},
    volume = {34},
    number = {9},
    month = sep,
    year = {1999},
    issn = {0362-1340},
    pages = {60--69},
    numpages = {10},
    url = {http://doi.acm.org/10.1145/317765.317784},
    doi = {10.1145/317765.317784},
    acmid = {317784},
    publisher = {ACM},
    address = {New York, NY, USA},
    localfile = {reading/hawk_Launchbury.pdf}
}
